<record><leader>00000cas a22000007a 4500</leader><controlfield tag="001">17005704</controlfield><controlfield tag="008">871119d198u19uutxudr ne      0   a0eng d</controlfield><datafield ind1=" " ind2=" " tag="010"><subfield code="a">sn 87003631 </subfield></datafield><datafield ind1=" " ind2=" " tag="040"><subfield code="a">NSD</subfield><subfield code="b">eng</subfield><subfield code="c">NSD</subfield><subfield code="d">OCLCQ</subfield></datafield><datafield ind1=" " ind2=" " tag="012"><subfield code="j">0</subfield><subfield code="m">d</subfield></datafield><datafield ind1="1" ind2=" " tag="022"><subfield code="a">0896-3320</subfield><subfield code="l">0896-3320</subfield><subfield code="2">1</subfield></datafield><datafield ind1=" " ind2=" " tag="037"><subfield code="b">PCL Publishing Co., P.O. Box 6192, 102 S. Shaver, Pasadena, TX 77506</subfield></datafield><datafield ind1=" " ind2=" " tag="042"><subfield code="a">nsdp</subfield></datafield><datafield ind1=" " ind2="4" tag="222"><subfield code="a">The Daily Pasadena citizen</subfield></datafield><datafield ind1="0" ind2="4" tag="245"><subfield code="a">The Daily Pasadena citizen.</subfield></datafield><datafield ind1="3" ind2="0" tag="246"><subfield code="a">Citizen</subfield></datafield><datafield ind1="1" ind2="3" tag="246"><subfield code="a">Pasadena citizen</subfield></datafield><datafield ind1=" " ind2=" " tag="260"><subfield code="a">Pasadena, Tex. :</subfield><subfield code="b">PCL Pub. Co.</subfield></datafield><datafield ind1=" " ind2=" " tag="300"><subfield code="a">v.</subfield></datafield><datafield ind1=" " ind2=" " tag="310"><subfield code="a">Daily</subfield></datafield><datafield ind1=" " ind2=" " tag="588"><subfield code="a">Description based on: Vol. 40, no. 203 (Saturday, July 25, 1987).</subfield></datafield><datafield ind1=" " ind2=" " tag="752"><subfield code="a">United States</subfield><subfield code="b">Texas</subfield><subfield code="c">Harris</subfield><subfield code="d">Pasadena.</subfield></datafield><datafield ind1="0" ind2="0" tag="780"><subfield code="t">Pasadena citizen</subfield><subfield code="w">(DLC)sn 88083244</subfield><subfield code="w">(OCoLC)17446247</subfield></datafield><datafield ind1="0" ind2="0" tag="785"><subfield code="t">Pasadena citizen (Pasadena, Tex. : 1990)</subfield><subfield code="x">1050-3773</subfield><subfield code="w">(DLC)sn 90005736</subfield></datafield></record>